@InProceedings{pmlr-v5-carvalho09a,
  title = 	 {Handling Sparsity via the Horseshoe},
  author = 	 {Carlos M. Carvalho and Nicholas G. Polson and James G. Scott},
  booktitle = 	 {Proceedings of the Twelth International Conference on Artificial Intelligence and Statistics},
  pages = 	 {73--80},
  year = 	 {2009},
  volume = 	 {5},
  series = 	 {Proceedings of Machine Learning Research},
  publisher = 	 {PMLR}
}


@article{piironen2017,
author = "Piironen, Juho and Vehtari, Aki",
fjournal = "Electronic Journal of Statistics",
journal = "Electron. J. Statist.",
number = "2",
pages = "5018--5051",
publisher = "The Institute of Mathematical Statistics and the Bernoulli Society",
title = "Sparsity information and regularization in the horseshoe and other shrinkage priors",
volume = "11",
year = "2017"
}



@article{doi:10.1198/016214508000000337,
author = {Trevor Park and George Casella},
title = {The Bayesian Lasso},
journal = {Journal of the American Statistical Association},
volume = {103},
number = {482},
pages = {681-686},
year  = {2008},
publisher = {Taylor & Francis}
}


@article{DAUXOIS1982136,
title = "Asymptotic theory for the principal component analysis of a vector random function: Some applications to statistical inference",
journal = "Journal of Multivariate Analysis",
volume = "12",
number = "1",
pages = "136 - 154",
year = "1982",
author = "J. Dauxois and A. Pousse and Y. Romain"
}

